@misc{villanova-university-2020,
    title={The Evolution of Data Collection and Analytics},
    url={https://taxandbusinessonline.villanova.edu/blog/the-evolution-of-data-collection-and-analytics/},
    journal={Villanova University},
    year={2020},
    month={Mar}
}

@misc{gutcheck-2020,
    title={A History of Data Collection, Storage, and Analysis},
    url={https://www.gutcheckit.com/blog/a-history-of-data/},
    journal={GutCheck},
    year={2018},
    month={May}
}